@misc{MPAndroidChart,
  author = {Phil Jay},
  title = {MPAndroidChart},
  year = {2020},
  howpublished = {\url{https://github.com/PhilJay/MPAndroidChart}},
  note = {Accessed: 2024-11-27}
}